%YAML 1.1
%TAG !u! tag:unity3d.com,2011:
--- !u!1001 &100100000
Prefab:
  m_ObjectHideFlags: 1
  serializedVersion: 2
  m_Modification:
    m_TransformParent: {fileID: 0}
    m_Modifications: []
    m_RemovedComponents: []
  m_ParentPrefab: {fileID: 0}
  m_RootGameObject: {fileID: 1729714501002582}
  m_IsPrefabParent: 1
--- !u!1 &1032849966391732
GameObject:
  m_ObjectHideFlags: 0
  m_PrefabParentObject: {fileID: 0}
  m_PrefabInternal: {fileID: 100100000}
  serializedVersion: 5
  m_Component:
  - component: {fileID: 4059971345858894}
  m_Layer: 0
  m_Name: ShotSpawn (1)
  m_TagString: Untagged
  m_Icon: {fileID: 0}
  m_NavMeshLayer: 0
  m_StaticEditorFlags: 0
  m_IsActive: 1
--- !u!1 &1035287140481714
GameObject:
  m_ObjectHideFlags: 1
  m_PrefabParentObject: {fileID: 0}
  m_PrefabInternal: {fileID: 100100000}
  serializedVersion: 5
  m_Component:
  - component: {fileID: 4058647996154164}
  m_Layer: 0
  m_Name: Armature
  m_TagString: Untagged
  m_Icon: {fileID: 0}
  m_NavMeshLayer: 0
  m_StaticEditorFlags: 0
  m_IsActive: 1
--- !u!1 &1104910311066434
GameObject:
  m_ObjectHideFlags: 1
  m_PrefabParentObject: {fileID: 0}
  m_PrefabInternal: {fileID: 100100000}
  serializedVersion: 5
  m_Component:
  - component: {fileID: 4262229697731068}
  - component: {fileID: 137204661527557398}
  m_Layer: 0
  m_Name: TransformerModel
  m_TagString: Untagged
  m_Icon: {fileID: 0}
  m_NavMeshLayer: 0
  m_StaticEditorFlags: 0
  m_IsActive: 1
--- !u!1 &1174723393339824
GameObject:
  m_ObjectHideFlags: 0
  m_PrefabParentObject: {fileID: 0}
  m_PrefabInternal: {fileID: 100100000}
  serializedVersion: 5
  m_Component:
  - component: {fileID: 4483391902739770}
  m_Layer: 0
  m_Name: ShotSpawn (6)
  m_TagString: Untagged
  m_Icon: {fileID: 0}
  m_NavMeshLayer: 0
  m_StaticEditorFlags: 0
  m_IsActive: 1
--- !u!1 &1196138864847412
GameObject:
  m_ObjectHideFlags: 1
  m_PrefabParentObject: {fileID: 0}
  m_PrefabInternal: {fileID: 100100000}
  serializedVersion: 5
  m_Component:
  - component: {fileID: 4758609786007816}
  m_Layer: 0
  m_Name: Bone_004
  m_TagString: Untagged
  m_Icon: {fileID: 0}
  m_NavMeshLayer: 0
  m_StaticEditorFlags: 0
  m_IsActive: 1
--- !u!1 &1230899319441536
GameObject:
  m_ObjectHideFlags: 0
  m_PrefabParentObject: {fileID: 0}
  m_PrefabInternal: {fileID: 100100000}
  serializedVersion: 5
  m_Component:
  - component: {fileID: 4169950560048650}
  m_Layer: 0
  m_Name: ShotSpawn (4)
  m_TagString: Untagged
  m_Icon: {fileID: 0}
  m_NavMeshLayer: 0
  m_StaticEditorFlags: 0
  m_IsActive: 1
--- !u!1 &1290731897623550
GameObject:
  m_ObjectHideFlags: 0
  m_PrefabParentObject: {fileID: 0}
  m_PrefabInternal: {fileID: 100100000}
  serializedVersion: 5
  m_Component:
  - component: {fileID: 4702829670507966}
  m_Layer: 0
  m_Name: ShotSpawn (2)
  m_TagString: Untagged
  m_Icon: {fileID: 0}
  m_NavMeshLayer: 0
  m_StaticEditorFlags: 0
  m_IsActive: 1
--- !u!1 &1326443754757460
GameObject:
  m_ObjectHideFlags: 1
  m_PrefabParentObject: {fileID: 0}
  m_PrefabInternal: {fileID: 100100000}
  serializedVersion: 5
  m_Component:
  - component: {fileID: 4814675500257762}
  m_Layer: 0
  m_Name: Bone
  m_TagString: Untagged
  m_Icon: {fileID: 0}
  m_NavMeshLayer: 0
  m_StaticEditorFlags: 0
  m_IsActive: 1
--- !u!1 &1372016946401756
GameObject:
  m_ObjectHideFlags: 0
  m_PrefabParentObject: {fileID: 0}
  m_PrefabInternal: {fileID: 100100000}
  serializedVersion: 5
  m_Component:
  - component: {fileID: 4416489924616254}
  m_Layer: 0
  m_Name: ShotSpawn (7)
  m_TagString: Untagged
  m_Icon: {fileID: 0}
  m_NavMeshLayer: 0
  m_StaticEditorFlags: 0
  m_IsActive: 1
--- !u!1 &1526234025558618
GameObject:
  m_ObjectHideFlags: 1
  m_PrefabParentObject: {fileID: 0}
  m_PrefabInternal: {fileID: 100100000}
  serializedVersion: 5
  m_Component:
  - component: {fileID: 4025605223632480}
  m_Layer: 0
  m_Name: Bone_002
  m_TagString: Untagged
  m_Icon: {fileID: 0}
  m_NavMeshLayer: 0
  m_StaticEditorFlags: 0
  m_IsActive: 1
--- !u!1 &1729714501002582
GameObject:
  m_ObjectHideFlags: 0
  m_PrefabParentObject: {fileID: 0}
  m_PrefabInternal: {fileID: 100100000}
  serializedVersion: 5
  m_Component:
  - component: {fileID: 4831793668717928}
  - component: {fileID: 54756715338807124}
  - component: {fileID: 135954670735028464}
  - component: {fileID: 114860246176142998}
  - component: {fileID: 114080952319458596}
  - component: {fileID: 114065774626080324}
  - component: {fileID: 114050776034006746}
  - component: {fileID: 114916437496969716}
  m_Layer: 0
  m_Name: EnemyShotStorm
  m_TagString: Enemy
  m_Icon: {fileID: 0}
  m_NavMeshLayer: 0
  m_StaticEditorFlags: 0
  m_IsActive: 1
--- !u!1 &1849644005206384
GameObject:
  m_ObjectHideFlags: 0
  m_PrefabParentObject: {fileID: 0}
  m_PrefabInternal: {fileID: 100100000}
  serializedVersion: 5
  m_Component:
  - component: {fileID: 4080491109490256}
  m_Layer: 0
  m_Name: ShotSpawn (8)
  m_TagString: Untagged
  m_Icon: {fileID: 0}
  m_NavMeshLayer: 0
  m_StaticEditorFlags: 0
  m_IsActive: 1
--- !u!1 &1864638180412114
GameObject:
  m_ObjectHideFlags: 0
  m_PrefabParentObject: {fileID: 0}
  m_PrefabInternal: {fileID: 100100000}
  serializedVersion: 5
  m_Component:
  - component: {fileID: 4963230484988108}
  m_Layer: 0
  m_Name: ShotSpawn (5)
  m_TagString: Untagged
  m_Icon: {fileID: 0}
  m_NavMeshLayer: 0
  m_StaticEditorFlags: 0
  m_IsActive: 1
--- !u!1 &1909479048435970
GameObject:
  m_ObjectHideFlags: 1
  m_PrefabParentObject: {fileID: 0}
  m_PrefabInternal: {fileID: 100100000}
  serializedVersion: 5
  m_Component:
  - component: {fileID: 4091099476891174}
  m_Layer: 0
  m_Name: Bone_003
  m_TagString: Untagged
  m_Icon: {fileID: 0}
  m_NavMeshLayer: 0
  m_StaticEditorFlags: 0
  m_IsActive: 1
--- !u!1 &1926545771691484
GameObject:
  m_ObjectHideFlags: 1
  m_PrefabParentObject: {fileID: 0}
  m_PrefabInternal: {fileID: 100100000}
  serializedVersion: 5
  m_Component:
  - component: {fileID: 4752772781833976}
  m_Layer: 0
  m_Name: Bone_001
  m_TagString: Untagged
  m_Icon: {fileID: 0}
  m_NavMeshLayer: 0
  m_StaticEditorFlags: 0
  m_IsActive: 1
--- !u!1 &1948282648766302
GameObject:
  m_ObjectHideFlags: 0
  m_PrefabParentObject: {fileID: 0}
  m_PrefabInternal: {fileID: 100100000}
  serializedVersion: 5
  m_Component:
  - component: {fileID: 4585245596257536}
  m_Layer: 0
  m_Name: ShotSpawn (3)
  m_TagString: Untagged
  m_Icon: {fileID: 0}
  m_NavMeshLayer: 0
  m_StaticEditorFlags: 0
  m_IsActive: 1
--- !u!1 &1963177237306048
GameObject:
  m_ObjectHideFlags: 0
  m_PrefabParentObject: {fileID: 0}
  m_PrefabInternal: {fileID: 100100000}
  serializedVersion: 5
  m_Component:
  - component: {fileID: 4354542776369008}
  - component: {fileID: 114617625562609736}
  m_Layer: 0
  m_Name: dummyCurve
  m_TagString: Untagged
  m_Icon: {fileID: 0}
  m_NavMeshLayer: 0
  m_StaticEditorFlags: 0
  m_IsActive: 1
--- !u!1 &1996606483486172
GameObject:
  m_ObjectHideFlags: 0
  m_PrefabParentObject: {fileID: 0}
  m_PrefabInternal: {fileID: 100100000}
  serializedVersion: 5
  m_Component:
  - component: {fileID: 4908640273258432}
  - component: {fileID: 95138558052967516}
  m_Layer: 0
  m_Name: TRANSFORMER
  m_TagString: Untagged
  m_Icon: {fileID: 0}
  m_NavMeshLayer: 0
  m_StaticEditorFlags: 0
  m_IsActive: 1
--- !u!4 &4025605223632480
Transform:
  m_ObjectHideFlags: 1
  m_PrefabParentObject: {fileID: 0}
  m_PrefabInternal: {fileID: 100100000}
  m_GameObject: {fileID: 1526234025558618}
  m_LocalRotation: {x: 0.085823335, y: -0.7808368, z: -0.062802665, w: 0.6156168}
  m_LocalPosition: {x: -0.36973572, y: 0.0036511132, z: -0.5590001}
  m_LocalScale: {x: 0.9999999, y: 0.99999994, z: 0.9999998}
  m_Children: []
  m_Father: {fileID: 4814675500257762}
  m_RootOrder: 1
  m_LocalEulerAnglesHint: {x: 0, y: 0, z: 0}
--- !u!4 &4058647996154164
Transform:
  m_ObjectHideFlags: 1
  m_PrefabParentObject: {fileID: 0}
  m_PrefabInternal: {fileID: 100100000}
  m_GameObject: {fileID: 1035287140481714}
  m_LocalRotation: {x: -0.7071068, y: 0, z: -0, w: 0.7071068}
  m_LocalPosition: {x: -0, y: -0.22032657, z: 0.000000009630781}
  m_LocalScale: {x: 1, y: 1, z: 1}
  m_Children:
  - {fileID: 4814675500257762}
  m_Father: {fileID: 4908640273258432}
  m_RootOrder: 0
  m_LocalEulerAnglesHint: {x: 0, y: 0, z: 0}
--- !u!4 &4059971345858894
Transform:
  m_ObjectHideFlags: 1
  m_PrefabParentObject: {fileID: 0}
  m_PrefabInternal: {fileID: 100100000}
  m_GameObject: {fileID: 1032849966391732}
  m_LocalRotation: {x: -0, y: 1, z: -0, w: 0}
  m_LocalPosition: {x: 0, y: 0, z: 0}
  m_LocalScale: {x: 1, y: 1, z: 1}
  m_Children: []
  m_Father: {fileID: 4831793668717928}
  m_RootOrder: 2
  m_LocalEulerAnglesHint: {x: 0, y: 180, z: 0}
--- !u!4 &4080491109490256
Transform:
  m_ObjectHideFlags: 1
  m_PrefabParentObject: {fileID: 0}
  m_PrefabInternal: {fileID: 100100000}
  m_GameObject: {fileID: 1849644005206384}
  m_LocalRotation: {x: 0, y: -0.92387956, z: 0, w: 0.38268343}
  m_LocalPosition: {x: 0, y: 0, z: 0}
  m_LocalScale: {x: 1, y: 1, z: 1}
  m_Children: []
  m_Father: {fileID: 4831793668717928}
  m_RootOrder: 9
  m_LocalEulerAnglesHint: {x: 0, y: -135, z: 0}
--- !u!4 &4091099476891174
Transform:
  m_ObjectHideFlags: 1
  m_PrefabParentObject: {fileID: 0}
  m_PrefabInternal: {fileID: 100100000}
  m_GameObject: {fileID: 1909479048435970}
  m_LocalRotation: {x: 0.000000052705584, y: 0.983428, z: -0.000000117035725, w: -0.18129905}
  m_LocalPosition: {x: 0.7092078, y: 0.023527907, z: -0.5519033}
  m_LocalScale: {x: 1, y: 1, z: 1.0000005}
  m_Children: []
  m_Father: {fileID: 4814675500257762}
  m_RootOrder: 2
  m_LocalEulerAnglesHint: {x: 0, y: 0, z: 0}
--- !u!4 &4169950560048650
Transform:
  m_ObjectHideFlags: 1
  m_PrefabParentObject: {fileID: 0}
  m_PrefabInternal: {fileID: 100100000}
  m_GameObject: {fileID: 1230899319441536}
  m_LocalRotation: {x: 0, y: 0.38268343, z: 0, w: 0.92387956}
  m_LocalPosition: {x: 0, y: 0, z: 0}
  m_LocalScale: {x: 1, y: 1, z: 1}
  m_Children: []
  m_Father: {fileID: 4831793668717928}
  m_RootOrder: 5
  m_LocalEulerAnglesHint: {x: 0, y: 45, z: 0}
--- !u!4 &4262229697731068
Transform:
  m_ObjectHideFlags: 1
  m_PrefabParentObject: {fileID: 0}
  m_PrefabInternal: {fileID: 100100000}
  m_GameObject: {fileID: 1104910311066434}
  m_LocalRotation: {x: 0, y: -0, z: -0, w: 1}
  m_LocalPosition: {x: -0.0002169013, y: 0, z: 0.3781779}
  m_LocalScale: {x: 0.120580316, y: 0.120580316, z: 0.120580316}
  m_Children: []
  m_Father: {fileID: 4908640273258432}
  m_RootOrder: 1
  m_LocalEulerAnglesHint: {x: 0, y: 0, z: 0}
--- !u!4 &4354542776369008
Transform:
  m_ObjectHideFlags: 1
  m_PrefabParentObject: {fileID: 0}
  m_PrefabInternal: {fileID: 100100000}
  m_GameObject: {fileID: 1963177237306048}
  m_LocalRotation: {x: -0, y: -0, z: -0, w: 1}
  m_LocalPosition: {x: 0, y: 0, z: 0}
  m_LocalScale: {x: 1, y: 1, z: 1}
  m_Children: []
  m_Father: {fileID: 4831793668717928}
  m_RootOrder: 1
  m_LocalEulerAnglesHint: {x: 0, y: 0, z: 0}
--- !u!4 &4416489924616254
Transform:
  m_ObjectHideFlags: 1
  m_PrefabParentObject: {fileID: 0}
  m_PrefabInternal: {fileID: 100100000}
  m_GameObject: {fileID: 1372016946401756}
  m_LocalRotation: {x: 0, y: -0.7071068, z: 0, w: 0.7071068}
  m_LocalPosition: {x: 0, y: 0, z: 0}
  m_LocalScale: {x: 1, y: 1, z: 1}
  m_Children: []
  m_Father: {fileID: 4831793668717928}
  m_RootOrder: 8
  m_LocalEulerAnglesHint: {x: 0, y: -90, z: 0}
--- !u!4 &4483391902739770
Transform:
  m_ObjectHideFlags: 1
  m_PrefabParentObject: {fileID: 0}
  m_PrefabInternal: {fileID: 100100000}
  m_GameObject: {fileID: 1174723393339824}
  m_LocalRotation: {x: 0, y: -0.38268343, z: 0, w: 0.92387956}
  m_LocalPosition: {x: 0, y: 0, z: 0}
  m_LocalScale: {x: 1, y: 1, z: 1}
  m_Children: []
  m_Father: {fileID: 4831793668717928}
  m_RootOrder: 7
  m_LocalEulerAnglesHint: {x: 0, y: -45, z: 0}
--- !u!4 &4585245596257536
Transform:
  m_ObjectHideFlags: 1
  m_PrefabParentObject: {fileID: 0}
  m_PrefabInternal: {fileID: 100100000}
  m_GameObject: {fileID: 1948282648766302}
  m_LocalRotation: {x: 0, y: 0.7071068, z: 0, w: 0.7071068}
  m_LocalPosition: {x: 0, y: 0, z: 0}
  m_LocalScale: {x: 1, y: 1, z: 1}
  m_Children: []
  m_Father: {fileID: 4831793668717928}
  m_RootOrder: 4
  m_LocalEulerAnglesHint: {x: 0, y: 90, z: 0}
--- !u!4 &4702829670507966
Transform:
  m_ObjectHideFlags: 1
  m_PrefabParentObject: {fileID: 0}
  m_PrefabInternal: {fileID: 100100000}
  m_GameObject: {fileID: 1290731897623550}
  m_LocalRotation: {x: 0, y: 0.92387956, z: 0, w: 0.38268343}
  m_LocalPosition: {x: 0, y: 0, z: 0}
  m_LocalScale: {x: 1, y: 1, z: 1}
  m_Children: []
  m_Father: {fileID: 4831793668717928}
  m_RootOrder: 3
  m_LocalEulerAnglesHint: {x: 0, y: 135, z: 0}
--- !u!4 &4752772781833976
Transform:
  m_ObjectHideFlags: 1
  m_PrefabParentObject: {fileID: 0}
  m_PrefabInternal: {fileID: 100100000}
  m_GameObject: {fileID: 1926545771691484}
  m_LocalRotation: {x: -0.08586559, y: 0.78087616, z: -0.06282863, w: 0.61555845}
  m_LocalPosition: {x: -0.36973584, y: 0.003651111, z: 0.5594951}
  m_LocalScale: {x: 1.0000001, y: 0.9999998, z: 1.0000001}
  m_Children: []
  m_Father: {fileID: 4814675500257762}
  m_RootOrder: 0
  m_LocalEulerAnglesHint: {x: 0, y: 0, z: 0}
--- !u!4 &4758609786007816
Transform:
  m_ObjectHideFlags: 1
  m_PrefabParentObject: {fileID: 0}
  m_PrefabInternal: {fileID: 100100000}
  m_GameObject: {fileID: 1196138864847412}
  m_LocalRotation: {x: 0.00000009596188, y: 0.98344755, z: -0.00000011735917, w: 0.18119298}
  m_LocalPosition: {x: 0.7092078, y: 0.023527907, z: 0.5519999}
  m_LocalScale: {x: 1, y: 1, z: 0.99999976}
  m_Children: []
  m_Father: {fileID: 4814675500257762}
  m_RootOrder: 3
  m_LocalEulerAnglesHint: {x: 0, y: 0, z: 0}
--- !u!4 &4814675500257762
Transform:
  m_ObjectHideFlags: 1
  m_PrefabParentObject: {fileID: 0}
  m_PrefabInternal: {fileID: 100100000}
  m_GameObject: {fileID: 1326443754757460}
  m_LocalRotation: {x: 0.50652486, y: 0.50208426, z: -0.5020842, w: 0.48913744}
  m_LocalPosition: {x: -0, y: 0, z: 0.63024354}
  m_LocalScale: {x: 1, y: 1, z: 1}
  m_Children:
  - {fileID: 4752772781833976}
  - {fileID: 4025605223632480}
  - {fileID: 4091099476891174}
  - {fileID: 4758609786007816}
  m_Father: {fileID: 4058647996154164}
  m_RootOrder: 0
  m_LocalEulerAnglesHint: {x: 0, y: 0, z: 0}
--- !u!4 &4831793668717928
Transform:
  m_ObjectHideFlags: 1
  m_PrefabParentObject: {fileID: 0}
  m_PrefabInternal: {fileID: 100100000}
  m_GameObject: {fileID: 1729714501002582}
  m_LocalRotation: {x: 0, y: 0, z: 0, w: 1}
  m_LocalPosition: {x: 0, y: 0, z: 0}
  m_LocalScale: {x: 0.75, y: 0.75, z: 0.75}
  m_Children:
  - {fileID: 4908640273258432}
  - {fileID: 4354542776369008}
  - {fileID: 4059971345858894}
  - {fileID: 4702829670507966}
  - {fileID: 4585245596257536}
  - {fileID: 4169950560048650}
  - {fileID: 4963230484988108}
  - {fileID: 4483391902739770}
  - {fileID: 4416489924616254}
  - {fileID: 4080491109490256}
  m_Father: {fileID: 0}
  m_RootOrder: 0
  m_LocalEulerAnglesHint: {x: 0, y: 0, z: 0}
--- !u!4 &4908640273258432
Transform:
  m_ObjectHideFlags: 1
  m_PrefabParentObject: {fileID: 0}
  m_PrefabInternal: {fileID: 100100000}
  m_GameObject: {fileID: 1996606483486172}
  m_LocalRotation: {x: 0, y: 0, z: 0, w: 1}
  m_LocalPosition: {x: 0, y: 0, z: 0}
  m_LocalScale: {x: 1, y: 1, z: 1}
  m_Children:
  - {fileID: 4058647996154164}
  - {fileID: 4262229697731068}
  m_Father: {fileID: 4831793668717928}
  m_RootOrder: 0
  m_LocalEulerAnglesHint: {x: 0, y: 0, z: 0}
--- !u!4 &4963230484988108
Transform:
  m_ObjectHideFlags: 1
  m_PrefabParentObject: {fileID: 0}
  m_PrefabInternal: {fileID: 100100000}
  m_GameObject: {fileID: 1864638180412114}
  m_LocalRotation: {x: 0, y: 0, z: 0, w: 1}
  m_LocalPosition: {x: 0, y: 0, z: 0}
  m_LocalScale: {x: 1, y: 1, z: 1}
  m_Children: []
  m_Father: {fileID: 4831793668717928}
  m_RootOrder: 6
  m_LocalEulerAnglesHint: {x: 0, y: 0, z: 0}
--- !u!54 &54756715338807124
Rigidbody:
  m_ObjectHideFlags: 1
  m_PrefabParentObject: {fileID: 0}
  m_PrefabInternal: {fileID: 100100000}
  m_GameObject: {fileID: 1729714501002582}
  serializedVersion: 2
  m_Mass: 1
  m_Drag: 0
  m_AngularDrag: 0
  m_UseGravity: 0
  m_IsKinematic: 0
  m_Interpolate: 0
  m_Constraints: 0
  m_CollisionDetection: 0
--- !u!95 &95138558052967516
Animator:
  serializedVersion: 3
  m_ObjectHideFlags: 1
  m_PrefabParentObject: {fileID: 0}
  m_PrefabInternal: {fileID: 100100000}
  m_GameObject: {fileID: 1996606483486172}
  m_Enabled: 1
  m_Avatar: {fileID: 9000000, guid: 141666ad9a42d0c449b47724ba42b881, type: 3}
  m_Controller: {fileID: 0}
  m_CullingMode: 1
  m_UpdateMode: 0
  m_ApplyRootMotion: 0
  m_LinearVelocityBlending: 0
  m_WarningMessage: 
  m_HasTransformHierarchy: 1
  m_AllowConstantClipSamplingOptimization: 1
--- !u!114 &114050776034006746
MonoBehaviour:
  m_ObjectHideFlags: 1
  m_PrefabParentObject: {fileID: 0}
  m_PrefabInternal: {fileID: 100100000}
  m_GameObject: {fileID: 1729714501002582}
  m_Enabled: 1
  m_EditorHideFlags: 0
  m_Script: {fileID: 11500000, guid: b22cad420056d134ba6694c127e42a34, type: 3}
  m_Name: 
  m_EditorClassIdentifier: 
  shot: {fileID: 1072312425489600, guid: 488add222eb9d494baaa2b1dc8f88a72, type: 2}
  shotSpawns:
  - {fileID: 1032849966391732}
  - {fileID: 1290731897623550}
  - {fileID: 1948282648766302}
  - {fileID: 1230899319441536}
  - {fileID: 1864638180412114}
  - {fileID: 1174723393339824}
  - {fileID: 1372016946401756}
  - {fileID: 1849644005206384}
  shootStraight: 0
  randomizeDelay: 0
  fireRate: 0.16
  initialFiringDelay: 2
  minRandomInitialFiringDelay: 0
  maxRandomInitialFiringDelay: 2
--- !u!114 &114065774626080324
MonoBehaviour:
  m_ObjectHideFlags: 1
  m_PrefabParentObject: {fileID: 0}
  m_PrefabInternal: {fileID: 100100000}
  m_GameObject: {fileID: 1729714501002582}
  m_Enabled: 1
  m_EditorHideFlags: 0
  m_Script: {fileID: 11500000, guid: 09569258a4c230446991118f0cfe16d1, type: 3}
  m_Name: 
  m_EditorClassIdentifier: 
  x: 0
  y: 1
  z: 0
  angle: 3
--- !u!114 &114080952319458596
MonoBehaviour:
  m_ObjectHideFlags: 1
  m_PrefabParentObject: {fileID: 0}
  m_PrefabInternal: {fileID: 100100000}
  m_GameObject: {fileID: 1729714501002582}
  m_Enabled: 1
  m_EditorHideFlags: 0
  m_Script: {fileID: 11500000, guid: cb3bbe3d62810e346b511d579ed98133, type: 3}
  m_Name: 
  m_EditorClassIdentifier: 
  spawnValues:
  - {x: 0, y: 0, z: 25}
  spawnRotations:
  - {x: 0, y: 0, z: 0}
  health: 5000
  damage: 10
  points: 10
  resourceMin: 0
  resourceMax: 1
  dropsResource: 1
  shouldExplode: 1
  randomizeSpawnValues: 0
--- !u!114 &114617625562609736
MonoBehaviour:
  m_ObjectHideFlags: 1
  m_PrefabParentObject: {fileID: 0}
  m_PrefabInternal: {fileID: 100100000}
  m_GameObject: {fileID: 1963177237306048}
  m_Enabled: 1
  m_EditorHideFlags: 0
  m_Script: {fileID: 11500000, guid: 4234cd2c43978e041bbe9323c195c4bd, type: 3}
  m_Name: 
  m_EditorClassIdentifier: 
  resolution: 30
  drawColor: {r: 1, g: 1, b: 1, a: 1}
  _close: 0
  points: []
--- !u!114 &114860246176142998
MonoBehaviour:
  m_ObjectHideFlags: 1
  m_PrefabParentObject: {fileID: 0}
  m_PrefabInternal: {fileID: 100100000}
  m_GameObject: {fileID: 1729714501002582}
  m_Enabled: 1
  m_EditorHideFlags: 0
  m_Script: {fileID: 11500000, guid: efd727bb5ef0d8a4b962f822e09ef645, type: 3}
  m_Name: 
  m_EditorClassIdentifier: 
  explosion: {fileID: 100012, guid: 384371afbb4354cc9a3fc68eab303756, type: 2}
  playerExplosion: {fileID: 100008, guid: a93496017806b7740910df5fd946f306, type: 2}
  smallExplosion: {fileID: 100004, guid: 26fbd5e24fcfc0445ae5526481347749, type: 2}
  resourcePrefab: {fileID: 1931468028389376, guid: f742e9800e4e18449b4027ac97f49c37,
    type: 2}
--- !u!114 &114916437496969716
MonoBehaviour:
  m_ObjectHideFlags: 1
  m_PrefabParentObject: {fileID: 0}
  m_PrefabInternal: {fileID: 100100000}
  m_GameObject: {fileID: 1729714501002582}
  m_Enabled: 1
  m_EditorHideFlags: 0
  m_Script: {fileID: 11500000, guid: 429f6e17a1da99e47ad9253cddef1be6, type: 3}
  m_Name: 
  m_EditorClassIdentifier: 
  movementCurve: {fileID: 114223413127150948, guid: 34731b4fa7c527d4e8e20fbcc2c1b842,
    type: 2}
  curvePhaseChangeDistance: []
  speed:
  - 0.001
  rotateToCurve: 00
  rotateToPlayer: 
  curveForwardSpeed: 0
  stopDuration: 0
  rotationSpeed: 0
  jumpToCurveStart: 0
--- !u!135 &135954670735028464
SphereCollider:
  m_ObjectHideFlags: 1
  m_PrefabParentObject: {fileID: 0}
  m_PrefabInternal: {fileID: 100100000}
  m_GameObject: {fileID: 1729714501002582}
  m_Material: {fileID: 0}
  m_IsTrigger: 1
  m_Enabled: 1
  serializedVersion: 2
  m_Radius: 0.5
  m_Center: {x: 0, y: 0, z: -0.3}
--- !u!137 &137204661527557398
SkinnedMeshRenderer:
  m_ObjectHideFlags: 1
  m_PrefabParentObject: {fileID: 0}
  m_PrefabInternal: {fileID: 100100000}
  m_GameObject: {fileID: 1104910311066434}
  m_Enabled: 1
  m_CastShadows: 1
  m_ReceiveShadows: 1
  m_DynamicOccludee: 1
  m_MotionVectors: 1
  m_LightProbeUsage: 1
  m_ReflectionProbeUsage: 1
  m_Materials:
  - {fileID: 2100000, guid: 902fc9aeb59723342a23f0c0472570f6, type: 2}
  m_StaticBatchInfo:
    firstSubMesh: 0
    subMeshCount: 0
  m_StaticBatchRoot: {fileID: 0}
  m_ProbeAnchor: {fileID: 0}
  m_LightProbeVolumeOverride: {fileID: 0}
  m_ScaleInLightmap: 1
  m_PreserveUVs: 0
  m_IgnoreNormalsForChartDetection: 0
  m_ImportantGI: 0
  m_StitchLightmapSeams: 0
  m_SelectedEditorRenderState: 3
  m_MinimumChartSize: 4
  m_AutoUVMaxDistance: 0.5
  m_AutoUVMaxAngle: 89
  m_LightmapParameters: {fileID: 0}
  m_SortingLayerID: 0
  m_SortingLayer: 0
  m_SortingOrder: 0
  serializedVersion: 2
  m_Quality: 0
  m_UpdateWhenOffscreen: 0
  m_SkinnedMotionVectors: 1
  m_Mesh: {fileID: 4300000, guid: 141666ad9a42d0c449b47724ba42b881, type: 3}
  m_Bones:
  - {fileID: 4814675500257762}
  - {fileID: 4752772781833976}
  - {fileID: 4025605223632480}
  - {fileID: 4091099476891174}
  - {fileID: 4758609786007816}
  m_BlendShapeWeights: []
  m_RootBone: {fileID: 4814675500257762}
  m_AABB:
    m_Center: {x: 0.5033723, y: 0.248095, z: 0.0000808239}
    m_Extent: {x: 2.131321, y: 1.0968003, z: 2.7696958}
  m_DirtyAABB: 0
